@misc{Rycerz,
  author={dr inż. Katarzyna Rycerz},
  title={Wykład z przedmiotu Metody Obliczeniowe w Nauce i Technice},
  note={Akademia Górniczo-Hutnicza im. Stanisława Staszica, 2025}
}

@misc{Funika,
	author = {dr inż. Włodzimierz Funika},
	title = {Całkowanie},
	howpublished = {\url{https://home.agh.edu.pl/~funika/mownit/lab5/calkowanie.pdf},
	year = {},
	note = {[Accessed 15-04-2025]},
},
	year = {2025},
	note = {[Accessed 15-04-2025]},
}

@misc{wiki:Chebyshev_polynomials,
   author = "Wikipedia",
   title = "{Chebyshev polynomials} --- {W}ikipedia{,} The Free Encyclopedia",
   year = "2025",
   howpublished = {\url{http://en.wikipedia.org/w/index.php?title=Chebyshev\%20polynomials&oldid=1284419238}},
   note = "[Online; accessed 08-April-2025]"
 }

@misc{wiki:Kwadratury_Gaussa,
   author = "Wikipedia",
   title = "{Kwadratury Gaussa} --- {W}ikipedia{,} The Free Encyclopedia",
   year = "2025",
   howpublished = {\url{http://pl.wikipedia.org/w/index.php?title=Kwadratury\%20Gaussa&oldid=75236879}},
   note = "[Online; accessed 17-April-2025]"
 }

@misc{wiki:Metoda_Newtona,
   author = "Wikipedia",
   title = "{Metoda Newtona} --- {W}ikipedia{,} The Free Encyclopedia",
   year = "2025",
   howpublished = {\url{http://pl.wikipedia.org/w/index.php?title=Metoda\%20Newtona&oldid=74009086}},
   note = "[Online; accessed 06-May-2025]"
 }

@misc{weisstein_newton,
  author       = {Weisstein, Eric W.},
  title        = {Newton's Method},
  howpublished = {\url{https://mathworld.wolfram.com/NewtonsMethod.html}},
  note         = {From MathWorld--A Wolfram Web Resource},
  year         = {n.d.},
  url          = {https://mathworld.wolfram.com/NewtonsMethod.html},
  urldate      = {07-05-2025}
}

@misc{wiki:Cubic_equation,
   author = "Wikipedia",
   title = "{Cubic equation} --- {W}ikipedia{,} The Free Encyclopedia",
   year = "2025",
   howpublished = {\url{http://en.wikipedia.org/w/index.php?title=Cubic\%20equation&oldid=1285341972}},
   note = "[Online; accessed 07-May-2025]"
 }
