@book{Higham2002,
  title={Accuracy and Stability of Numerical Algorithms},
  author={Higham, Nicholas J.},
  year={2002},
  publisher={SIAM}
}

@article{Goldberg1991,
  title={What Every Computer Scientist Should Know About Floating-Point Arithmetic},
  author={Goldberg, David},
  journal={ACM Computing Surveys},
  volume={23},
  number={1},
  pages={5--48},
  year={1991},
  publisher={ACM}
}

@misc{Rycerz,
  author={Rycerz, Katarzyna},
  title={Wykład z przedmiotu Metody Obliczeniowe w Nauce i Technice},
  note={Akademia Górniczo-Hutnicza im. Stanisława Staszica, 2025}
}

@misc{wiki:Interpolacja_wielomianowa,
   author = "Wikipedia",
   title = "{Interpolacja wielomianowa} --- {W}ikipedia{,} The Free Encyclopedia",
   year = "2025",
   howpublished = {\url{http://pl.wikipedia.org/w/index.php?title=Interpolacja\ %20wielomianowa&oldid=70764886}},
   note = "[Online; accessed 31-March-2025]"
 }

@misc{wiki:Legendre_polynomials,
   author = "Wikipedia",
   title = "{Legendre polynomials} --- {W}ikipedia{,} The Free Encyclopedia",
   year = "2025",
   howpublished = {\url{http://en.wikipedia.org/w/index.php?title=Legendre\%20polynomials&oldid=1281099475}},
   note = "[Online; accessed 01-April-2025]"
 }
