@misc{Rycerz,
  author={Rycerz, Katarzyna},
  title={Wykład z przedmiotu Metody Obliczeniowe w Nauce i Technice},
  note={Akademia Górniczo-Hutnicza im. Stanisława Staszica, 2025}
}

@misc{wiki:Gram–Schmidt_process,
   author = "Wikipedia",
   title = "{Gram–Schmidt process} --- {W}ikipedia{,} The Free Encyclopedia",
   year = "2025",
   howpublished = {\url{http://en.wikipedia.org/w/index.php?title=Gram\%E2\%80\%93Schmidt\%20process&oldid=1279087342}},
   note = "[Online; accessed 07-April-2025]"
 }

@misc{wiki:Legendre_polynomials,
   author = "Wikipedia",
   title = "{Legendre polynomials} --- {W}ikipedia{,} The Free Encyclopedia",
   year = "2025",
   howpublished = {\url{http://en.wikipedia.org/w/index.php?title=Legendre\%20polynomials&oldid=1283644974}},
   note = "[Online; accessed 07-April-2025]"
 }

@misc{Funika,
	author = {Włodzimierz Funika},
	title = {Aproksymacja},
	howpublished = {\url{@misc{key,
	author = {},
	title = {},
	howpublished = {\url{https://home.agh.edu.pl/~funika/mownit/lab4/aproksymacja.pdf}},
	year = {},
	note = {[Accessed 07-04-2025]},
}}},
	year = {2025},
	note = {[Accessed 07-04-2025]},
}

@misc{wiki:Transformacja_Fouriera,
   author = "Wikipedia",
   title = "{Transformacja Fouriera} --- {W}ikipedia{,} The Free Encyclopedia",
   year = "2025",
   howpublished = {\url{http://pl.wikipedia.org/w/index.php?title=Transformacja\%20Fouriera&oldid=75439568}},
   note = "[Online; accessed 07-April-2025]"
 }
